@ARTICLE{Abud2006
author={Abud figueroa, M. A.}
year={2006}
title={Repositorio Digital Institucional IPN.}
}
@ARTICLE{Boneu2007
author={Boneu, J. M.}
year={2007}
title={Plataformas abiertas de e-learning para el soporte de contenidos educativos abiertos}
journal={Revista de Universidad y Sociedad del Conocimiento, 4(I)}
pages={36-47}
}